<?xml version="1.0" encoding="UTF-8"?><collection xmlns="http://www.loc.gov/MARC21/slim"><record><leader>00491nam--2200181-u-4500</leader><controlfield tag="001">000051816</controlfield><controlfield tag="002">20161230</controlfield><controlfield tag="005">20161230201049</controlfield><controlfield tag="008">081029s1000------------r-----000-0-eng-d</controlfield><datafield ind1=" " ind2=" " tag="040"><subfield code="a">IFIN-HH</subfield></datafield><datafield ind1=" " ind2=" " tag="080"><subfield code="a">515.122</subfield></datafield><datafield ind1="1" ind2=" " tag="100"><subfield code="a">Ryabukhin,Yu.M.(red.)</subfield></datafield><datafield ind1="1" ind2="0" tag="245"><subfield code="a">Topologicheskie Prostranstva i Algebraicheskie Sistemy</subfield></datafield><datafield ind1=" " ind2=" " tag="260"><subfield code="a">Kishinev</subfield><subfield code="b">Shtiintsa</subfield><subfield code="c">1979</subfield></datafield><datafield ind1=" " ind2=" " tag="300"><subfield code="a">226 p</subfield></datafield><datafield ind1=" " ind2=" " tag="490"><subfield code="a">Matematicheskii Issledovaniya</subfield><subfield code="v">vol.53</subfield></datafield><datafield ind1=" " ind2=" " tag="852"><subfield code="a">45647</subfield><subfield code="c">517.9</subfield></datafield><datafield ind1=" " ind2=" " tag="CAT"><subfield code="a">Sys</subfield><subfield code="c">20081029</subfield><subfield code="h">075642</subfield></datafield></record></collection>